%% This BibTeX bibliography file was created using BibDesk.
%% http://bibdesk.sourceforge.net/


%% Created for cbilgika at 2013-01-24 10:33:57 -0500 


%% Saved with string encoding Unicode (UTF-8) 



@misc{trial,
	Date-Added = {2013-01-24 15:33:13 +0000},
	Date-Modified = {2013-01-24 15:33:46 +0000},
	Howpublished = {http://www.codechef.com/wiki/tutorial-expectation},
	Title = {Mathematical Expectation}}
